<?xml version="1.0" encoding="UTF-8"?><collection xmlns="http://www.loc.gov/MARC21/slim"><record><leader>00528nam--2200181-i-4500</leader><controlfield tag="001">000014312</controlfield><controlfield tag="002">20161230</controlfield><controlfield tag="005">20161230201030</controlfield><controlfield tag="008">060222s1000------------r-----000-0-fre-d</controlfield><datafield ind1=" " ind2=" " tag="040"><subfield code="a">IFIN-HH</subfield></datafield><datafield ind1=" " ind2=" " tag="041"><subfield code="a">fre</subfield></datafield><datafield ind1=" " ind2=" " tag="080"><subfield code="a">539.171.017(043)</subfield></datafield><datafield ind1="1" ind2=" " tag="100"><subfield code="a">Cauvin, Bernard</subfield></datafield><datafield ind1="1" ind2="0" tag="245"><subfield code="a">L`asymetrie d`isospin dans les collisions tres inelastiques entre noyaux de masses moyennes</subfield><subfield code="b">These</subfield><subfield code="c">Bernard cauvin</subfield></datafield><datafield ind1=" " ind2=" " tag="260"><subfield code="a">Paris</subfield><subfield code="b">Universite De Paris</subfield><subfield code="c">1980</subfield></datafield><datafield ind1=" " ind2=" " tag="300"><subfield code="a">172 P</subfield></datafield><datafield ind1=" " ind2=" " tag="852"><subfield code="a">70654</subfield><subfield code="c">539.17</subfield></datafield><datafield ind1=" " ind2=" " tag="CAT"><subfield code="a">Sys</subfield><subfield code="c">20120621</subfield><subfield code="h">124042</subfield></datafield></record></collection>